@article{kojima2009incentives,
  title={Incentives and stability in large two-sided matching markets},
  author={Kojima, Fuhito and Pathak, Parag A},
  journal={American Economic Review},
  volume={99},
  number={3},
  pages={608--27},
  year={2009}
}

@article{roth1997effects,
  title={The effects of the change in the NRMP matching algorithm},
  author={Roth, Alvin E and Peranson, Elliott},
  journal={JAMA},
  volume={278},
  number={9},
  pages={729--732},
  year={1997},
  publisher={American Medical Association}
}

@article{abdulkadirouglu2003school,
  title={School choice: A mechanism design approach},
  author={Abdulkadiro{\u{g}}lu, Atila and S{\"o}nmez, Tayfun},
  journal={American economic review},
  volume={93},
  number={3},
  pages={729--747},
  year={2003}
}

